@article{1_beckel_sadamori_staake_santini_2014,
author={Beckel, Christian and Sadamori, Leyna and Staake, Thorsten and Santini, Silvia},
title={Revealing household characteristics from smart meter data},
volume={78},
DOI={10.1016/j.energy.2014.10.025},
journal={Energy},
year={2014},
pages={397-410}
},

@misc{2_ofgem.gov.uk_2015,
author={Ofgem.gov.uk,},
title={Transition to smart meters | Ofgem},
url={https://www.ofgem.gov.uk/electricity/retail-market/metering/transition-smart-meters},
year={2015}
},

@book{3_european university institute_2015,
author={European University Institute,},
title={Survey of Regulatory and Technological Developments Concerning Smart Metering in the European Union Electricity Market},
place={Florence},
url={http://cadmus.eui.eu/bitstream/handle/1814/9267/RSCAS_PP_08_01.pdf?sequence=2},
year={2015}
},

@article{4_quinn,
author={Quinn, Elias Leake},
title={Privacy and the New Energy Infrastructure},
DOI={10.2139/ssrn.1370731},
journal={SSRN Journal}
},

@article{5_lisovich_mulligan_wicker_2010,
author={Lisovich, Mikhail A. and Mulligan, Deirdre K. and Wicker, Stephen B.},
title={Inferring Personal Information from Demand-Response Systems},
volume={8},
DOI={10.1109/msp.2010.40},
number={1},
journal={IEEE Security & Privacy Magazine},
year={2010},
pages={11-20}
},

@book{6_office for national statiscics_2014,
author={Office for National Statiscics,},
title={Full Report: Household Energy Spending in the UK, 2002-2012},
year={2014}
},

@misc{7_stop smart meters! (uk)_2015,
author={Stop Smart Meters! (UK),},
title={Stop Smart Meters! (UK)},
url={http://stopsmartmeters.org.uk/},
year={2015}
},

@book{8_smith_2002,
author={Smith, Steven W},
title={The scientist and engineer's guide to digital signal processing},
place={[San Diego, Calif.]},
publisher={California Technical Pub.},
year={2002}
},

@book{9_intertek_2012,
author={Intertek,},
title={Household Electricity Survey A study of domestic electrical product usage},
year={2012}
},

@book{10_palmer_terry_kane_2013,
author={Palmer, Jason and Terry, Nicola and Kane, Tom},
title={Early Findings: Demand side management},
year={2013}
},

@book{11_nixon_aguado_2012,
author={Nixon, Mark S and Aguado, Alberto S},
title={Feature extraction & image processing for computer vision},
place={Oxford},
publisher={Academic Press},
year={2012}
},

@article{12_blázquez gomez_filippini_heimsch_2013,
author={Blázquez Gomez, Leticia M. and Filippini, Massimo and Heimsch, Fabian},
title={Regional impact of changes in disposable income on Spanish electricity demand: A spatial econometric analysis},
volume={40},
DOI={10.1016/j.eneco.2013.09.008},
journal={Energy Economics},
year={2013},
pages={S58-S66}
},

@misc{13_teachingintheuk.com_2015,
author={Teachingintheuk.com,},
title={Teaching Jobs | Supply Teaching Jobs - Teaching Personnel},
url={http://www.teachingintheuk.com/go/uk-teaching-info/school-system/},
year={2015}
},

@article{14_bartley_owen_1996,
author={Bartley, M. and Owen, C.},
title={Relation between socioeconomic status, employment, and health during economic change, 1973-93},
volume={313},
DOI={10.1136/bmj.313.7055.445},
number={7055},
journal={BMJ},
year={1996},
pages={445-449}
},

@article{15_wang_bushman_1998,
author={Wang, Morgan C. and Bushman, Brad J.},
title={Using the normal quantile plot to explore meta-analytic data sets.},
volume={3},
DOI={10.1037//1082-989x.3.1.46},
number={1},
journal={Psychological Methods},
year={1998},
pages={46-54}
},

@book{16_rasmussen_williams_2006,
author={Rasmussen, Carl Edward and Williams, Christopher K. I},
title={Gaussian processes for machine learning},
place={Cambridge, Mass.},
publisher={MIT Press},
year={2006}
},

@article{17_mcloughlin_duffy_conlon_2013,
author={McLoughlin, Fintan and Duffy, Aidan and Conlon, Michael},
title={Evaluation of time series techniques to characterise domestic electricity demand},
volume={50},
DOI={10.1016/j.energy.2012.11.048},
journal={Energy},
year={2013},
pages={120-130}
},

@article{18_graps_1995,
author={Graps, Amara},
title={An Instroduction to Wavlents},
volume={2},
DOI={10.1109/99.388960},
number={2},
journal={IEEE Computational Science & Engineering},
year={1995},
pages={50-61}
},

@article{19_beckel_sadamori_santini_2013,
author={Beckel, Christian and Sadamori, Leyna and Santini, Silvia},
title={Automatic socio-economic classification of households using electricity consumption data},
journal={Proceedings of the fourth international conference on Future energy systems},
year={2013},
pages={75-86}
},

@inbook{20_beckel_sadamori_santini_2013,
author={Beckel, Christian and Sadamori, Leyna and Santini, Silvia},
title={Towards automatic classifi-cation of private households using electricity consumption data},
place={NY},
booktitle={e-Energy '13},
publisher={ACM},
year={2013},
pages={75-86}
},

@TECHREPORT{Mörchen03timeseries,
    author = {Fabian Mörchen},
    title = {Time series feature extraction for data mining using DWT and DFT},
    institution = {},
    year = {2003}
}